<?xml version="1.0" encoding="UTF-8"?><collection xmlns="http://www.loc.gov/MARC21/slim"><record><leader>00453nam--2200133-i-4500</leader><controlfield tag="001">000030243</controlfield><controlfield tag="002">20161230</controlfield><controlfield tag="005">20161230201038</controlfield><controlfield tag="008">060222s1000------------r-----000-0-eng-d</controlfield><datafield ind1=" " ind2=" " tag="080"><subfield code="a">621.375.826(043)</subfield></datafield><datafield ind1=" " ind2=" " tag="100"><subfield code="a">Man, Catherine Nary</subfield></datafield><datafield ind1=" " ind2=" " tag="245"><subfield code="a">Laser a colorant a tres haute stabilite de frequence. application a la spectroscopie a tres haute resolution de l`ion a 0.59 micrometre. these</subfield></datafield><datafield ind1=" " ind2=" " tag="260"><subfield code="a">D`Orsay, Universite Paris, 1978, 110p</subfield></datafield><datafield ind1=" " ind2=" " tag="852"><subfield code="a">46367</subfield></datafield></record></collection>